@thesis{Jesper2020,
author = "Jesper Nilsson",
title = "Interactive SysML Diagrams using a Web Browser",
journal = "Bachelor thesis",
pages = "1-53",
year = "2020"
}

@thesis{Tommy2020,
author = "Tommy Andersson",
title = "A software to display Sysml graphically",
journal = "Report",
pages = "1-16",
month = "October",
year = "2020"

}

@online{UML,
author    = "Object Management Group",
title     = "UML",
url       = "https://www.uml.org/",
addendum = "(2020-12-17)"
}

@online{SysML,
author    = "Object Management Group",
title     = "SysML",
url       = "http://www.omgsysml.org/",
addendum = "(2020-12-17)"
}

@online{MBSE,
author    = "Object Management Group",
title     = "MBSE",
url       = "https://www.omgwiki.org/MBSE/doku.php",
addendum = "(2020-12-17)"
}

@online{EclipsePapyrus,
author    = "The Eclipse Foundation",
title     = "Eclipse Papyrus",
url       = "https://www.eclipse.org/papyrus/",
addendum = "(2020-12-17)"
}

@online{HTML,
author    = "{MDN contributors}",
title     = "HTML: HyperText Markup Language | MDN",
url       = "https://developer.mozilla.org/en-US/docs/Web/HTML",
addendum = "(2021-03-17)"
}

@online{CSS,
author    = "{MDN contributors}",
title     = "CSS: Cascading Style Sheets | MDN",
url       = "https://developer.mozilla.org/en-US/docs/Web/CSS",
addendum = "(2021-03-17)"
}

@online{PEG-JS,
author    = "{Futago-za Ryuu, David Majda}",
title     = "PEG.js -- Parser Generator for JavaScript",
url       = "https://pegjs.org/",
addendum = "(2021-03-15)"
}

@online{wiki:PEG,
author    = "{Wikipedia, The Free Encyclopedia}",
title     = "Parsing expression grammar --- {W}ikipedia",
url       = "https://en.wikipedia.org/wiki/Parsing_expression_grammar",
addendum = "(2021-03-15)"
}

@online{mxGraph,
author    = "{JGraph Ltd}",
title     = "mxGraph 4.2.2",
url       = "https://jgraph.github.io/mxgraph/",
addendum = "(2021-03-15)"
}

@online{eclipseIDE,
author    = "{Eclipse Foundation}",
title     = "Eclipse desktop & web IDEs | The Eclipse Foundation",
url       = "https://www.eclipse.org/ide/",
addendum = "(2021-03-17)"
}